@inproceedings{mihalcea-tarau,
  author    = {Mihalcea, Rada  and  Tarau, Paul},
  title     = {TextRank: Bringing Order into Texts},
  booktitle = {Proceedings of EMNLP 2004},
  editor = {Dekang Lin and Dekai Wu},
  year      = 2004,
  month     = {July},
  address   = {Barcelona, Spain},
  publisher = {Association for Computational Linguistics},
  pages     = {404--411}
}

@inproceedings{pageetal98,
  added-at = {2008-01-09T21:02:24.000+0100},
  address = {Brisbane, Australia},
  author = {Page, L. and Brin, S. and Motwani, R. and Winograd, T.},
  biburl = {http://www.bibsonomy.org/bibtex/2ac49c33e114ca171db40cece6a0ae4d6/sac},
  booktitle = {Proceedings of the 7th International World Wide Web Conference},
  interhash = {ca10cf0b0dd668c64b1f378ff0775849},
  intrahash = {ac49c33e114ca171db40cece6a0ae4d6},
  keywords = {2007 kde pagerank seminar web},
  pages = {161--172},
  timestamp = {2008-01-09T21:02:24.000+0100},
  title = {The PageRank citation ranking: Bringing order to the Web},
  url = {citeseer.nj.nec.com/page98pagerank.html},
  year = 1998
} 

@article{erkan,
  added-at = {2007-03-22T18:01:00.000+0100},
  author = {Erkan, Günes and Radev, Dragomir R.},
  biburl = {http://www.bibsonomy.org/bibtex/223e4f85edf4799b580e603ecc0bf87f5/schmitz},
  date = {2005-02-08},
  description = {dblp},
  ee = {http://www.cs.washington.edu/research/jair/abstracts/erkan04a.html},
  interhash = {97c888f6aeaabce00b79841c28ced06a},
  intrahash = {23e4f85edf4799b580e603ecc0bf87f5},
  journal = {J. Artif. Intell. Res. (JAIR)},
  keywords = {centrality semanticweb summarization},
  pages = {457-479},
  timestamp = {2007-03-22T18:01:00.000+0100},
  title = {LexRank: Graph-based Lexical Centrality as Salience in Text Summarization.},
  url = {http://dblp.uni-trier.de/db/journals/jair/jair22.html#ErkanR04},
  volume = 22,
  year = 2004
}

@book{introductionir,
  added-at = {2011-11-16T19:06:53.000+0100},
  author = {{Christopher D. Manning, Prabhakar Raghavan}, Hinrich Schütze},
  biburl = {http://www.bibsonomy.org/bibtex/29e12edc4fe0e9ac1121b947aa0098d75/tapu},
  interhash = {6b779b7c4b6e85b614707e21f4f86a48},
  intrahash = {9e12edc4fe0e9ac1121b947aa0098d75},
  keywords = {information introduction irhhu retrieval to},
  publisher = {Cambridge University Press},
  timestamp = {2011-11-16T19:06:53.000+0100},
  title = {Introduction to Information Retrieval},
  year = 2008
}

@PhdThesis{miranda,
	title = "{Modelos para la generación automática de resúmenes abstractivos basado en grafos conceptuales}",
	author = "Miranda Jiménez Sabino",
	school = "Instituto politécnico nacional",
	month = "August",
	year = "2013",
}

@inproceedings{Lin2004a,
  added-at = {2008-04-05T19:02:54.000+0200},
  author = {Lin, Chin-Yew},
  biburl = {http://www.bibsonomy.org/bibtex/2d5e87aebed6aa8a12255afc6b3f20b1e/fsteeg},
  booktitle = {Proceedings of the Workshop on Text Summarization Branches Out (WAS 2004), Barcelona, Spain},
  interhash = {21c182e3172dd7e2be8d7aa530cb435d},
  intrahash = {d5e87aebed6aa8a12255afc6b3f20b1e},
  keywords = {diss evaluation},
  timestamp = {2009-04-30T14:23:47.000+0200},
  title = {ROUGE: a Package for Automatic Evaluation of Summaries},
  year = 2004
}

@inproceedings{hovy,
  added-at = {2009-08-21T18:02:30.000+0200},
  address = {Washington D.C.},
  author = {Lin, Chin-Yew and Hovy, E. H.},
  biburl = {http://www.bibsonomy.org/bibtex/2099aba168ce22592fbfe777c1b1f8c89/jfmaas},
  booktitle = {Proceedings of 5th Conference on Applied Natural Language Processing},
  interhash = {d8f1f89a2fe9856a4da48c5a8c9d826d},
  intrahash = {099aba168ce22592fbfe777c1b1f8c89},
  keywords = {imported},
  month = {March},
  timestamp = {2009-08-21T18:02:30.000+0200},
  title = {Identifying Topics by Position},
  year = 1997
}

@article{barzilay,
  added-at = {2006-07-25T00:00:00.000+0200},
  author = {Barzilay, Regina and McKeown, Kathleen},
  biburl = {http://www.bibsonomy.org/bibtex/2251ff2f1ba3a01cf6e8af5f0dadceabb/dblp},
  date = {2006-07-25},
  description = {dblp},
  ee = {http://dx.doi.org/10.1162/089120105774321091},
  interhash = {a656df5b0a2be86abc9c4efb1b9f1972},
  intrahash = {251ff2f1ba3a01cf6e8af5f0dadceabb},
  journal = {Computational Linguistics},
  keywords = {dblp},
  number = 3,
  pages = {297-328},
  timestamp = {2006-07-25T00:00:00.000+0200},
  title = {Sentence Fusion for Multidocument News Summarization.},
  url = {http://dblp.uni-trier.de/db/journals/coling/coling31.html#BarzilayM05},
  volume = 31,
  year = 2005
}

@article{marcu,
  added-at = {2000-04-03T00:00:00.000+0200},
  author = {Marcu, Daniel},
  biburl = {http://www.bibsonomy.org/bibtex/27c9572e23bf3e1b17e465ab53fcdd729/dblp},
  date = {2000-04-03},
  description = {dblp},
  interhash = {c01c5b7a6884965c84dfef1035596550},
  intrahash = {7c9572e23bf3e1b17e465ab53fcdd729},
  journal = {Computational Linguistics},
  keywords = {dblp},
  number = 1,
  pages = {81-83},
  timestamp = {2000-04-03T00:00:00.000+0200},
  title = {The Theory and Practice of Discourse Parsing and Summarization},
  url = {http://dblp.uni-trier.de/db/journals/coling/coling28.html#Hahn02},
  volume = 28,
  year = 2000
}


@article{salton,
  added-at = {2011-03-14T01:06:44.000+0100},
  author = {Salton, G. and Singhal, A. and Mitra, M. and Buckley, C.},
  biburl = {http://www.bibsonomy.org/bibtex/213775ac1128aa33e9e6c003d0ade8dbd/lantiq},
  file = {full paper:Salton1997.pdf:PDF},
  groups = {public},
  interhash = {7714739266a2aa805e0a6553f154a800},
  intrahash = {13775ac1128aa33e9e6c003d0ade8dbd},
  journal = {Information Processing and Management},
  keywords = {language summarization NLP},
  number = 2,
  pages = {193 - 207},
  timestamp = {2011-08-28T03:11:58.000+0200},
  title = {Automatic Text Structuring and Summarization},
  username = {lantiq},
  volume = 33,
  year = 1997
}


@article{luhn,
 author = {Luhn, H. P.},
 title = {The Automatic Creation of Literature Abstracts},
 journal = {IBM J. Res. Dev.},
 issue_date = {April 1958},
 volume = {2},
 number = {2},
 month = apr,
 year = {1958},
 issn = {0018-8646},
 pages = {159--165},
 numpages = {7},
 url = {http://dx.doi.org/10.1147/rd.22.0159},
 doi = {10.1147/rd.22.0159},
 acmid = {1662360},
 publisher = {IBM Corp.},
 address = {Riverton, NJ, USA},
} 

@online{duc2002-guidelines,
   author   =       {{Document Understanding Conference}},
   title    =       {DUC 2002 guidelines},
   url      =       {http://www-nlpir.nist.gov/projects/duc/guidelines/2002.html},
   month    =       {July},
   year     =       {2002},
   urldate  =       {2015-04-25}
}

@inproceedings{rehurek_lrec,
      title = {{Software Framework for Topic Modelling with Large Corpora}},
      author = {Radim {\v R}eh{\r u}{\v r}ek and Petr Sojka},
      booktitle = {{Proceedings of the LREC 2010 Workshop on New
           Challenges for NLP Frameworks}},
      pages = {45--50},
      year = 2010,
      month = May,
      day = 22,
      publisher = {ELRA},
      address = {Valletta, Malta},
      note={\url{http://is.muni.cz/publication/884893/en}},
      language={English}
}


@book{gusfield,
 author = {Gusfield, Dan},
 title = {Algorithms on Strings, Trees, and Sequences: Computer Science and Computational Biology},
 year = {1997},
 isbn = {0-521-58519-8},
 publisher = {Cambridge University Press},
 address = {New York, NY, USA},
} 

@inproceedings{robertson,
  author    = {S.E. Robertson and S. Walker and S. Jones and M.M. Hancock-Beaulieu and M. Gatford},
  title     = {Okapi at {TREC-3}},
  booktitle = {Proceedings of The Third Text REtrieval Conference, {TREC} 1994, Gaithersburg,
               Maryland, USA, November 2-4, 1994},
  pages     = {109--126},
  year      = {1994},
  url       = {http://trec.nist.gov/pubs/trec3/papers/city.ps.gz},
}


@inproceedings{lv,
  author    = {Lv, Yuanhua and Zhai, ChengXiang},
  title     = {Lower-bounding term frequency normalization},
  booktitle = {Proceedings of the 20th {ACM} Conference on Information and Knowledge
               Management, {CIKM} 2011, Glasgow, United Kingdom, October 24-28, 2011},
  pages     = {7--16},
  year      = {2011}
}

@article{singhal,
  author    = {Amit Singhal},
  title     = {Modern Information Retrieval: {A} Brief Overview},
  journal = {Bulletin of the IEEE Computer Society Technical Committee on Data Engineering},
  volume    = {24},
  number    = {4},
  pages     = {35--43},
  url = {http://singhal.info/ieee2001.pdf},
  year      = {2001},
}

@article{lexical_chains,
 author = {Ercan, Gonenc and Cicekli, Ilyas},
 title = {Using Lexical Chains for Keyword Extraction},
 journal = {Inf. Process. Manage.},
 issue_date = {November, 2007},
 volume = {43},
 number = {6},
 month = nov,
 year = {2007},
 issn = {0306-4573},
 pages = {1705--1714},
 numpages = {10},
 url = {http://dx.doi.org/10.1016/j.ipm.2007.01.015},
 doi = {10.1016/j.ipm.2007.01.015},
 acmid = {1285164},
 publisher = {Pergamon Press, Inc.},
 address = {Tarrytown, NY, USA},
 keywords = {Keyword extraction, Lexical chains, Machine learning, Natural language processing},
} 

@inproceedings{scalable_summarization,
    author = {Mandar Mitrat and Amit Singhal and Chris Buckleytt},
    booktitle = {Intelligent Scalable Text Summarization},
    title = {Automatic Text Summarization by paragraph Extraction},
    url = {http://www.aclweb.org/anthology/W97-0707},
    year = {1997},
    pages = {39--46}
}

@techreport{a_survey,
  author={Dipanjan Das and Andr{\'e} F. T. Martins},
  title={A Survey on Automatic Text Summarization},
  institution = {Carnegie Mellon University, Language Technologies Institute},
  year=2007,
}

@techreport{herings,
title = {Measuring the Power of Nodes in Digraphs},
author = {Herings, P. Jean-Jacques and van der Laan, Gerard and Talman, Dolf},
year = {2001},
institution = {Maastricht University, Maastricht Research School of Economics of Technology and Organization (METEOR)},
type = {Research Memorandum},
number = {007},
abstract = {Many economic and social situations can be represented by a digraph. Both axiomatic and iterative methods to determine the strength or power of all the nodes in a digraph have been proposed in the literature. We propose a new method, where the power of a node is determined by both the number of its successors, as in axiomatic methods, and the powers of its successors, as in iterative methods. Contrary to other iterative methods, we obtain a full ranking of the nodes for any digraph. The new power function, called the positional power function, can either be determined as the unique solution to a system of equations, or as the limit point of an iterative process. The solution is also explicitly characterized. This characterization enables us to derive a number of interesting properties of the positional power function. Next we consider a number of extensions, like the positional weakness function and the position function.},
keywords = {mathematical economics and econometrics ;},
url = {http://EconPapers.repec.org/RePEc:unm:umamet:2001007}
}

@inproceedings{similarity_functions,
  author = {Ouyang, You and Li, Wenjie and Wei, Furu and Lu, Qin},
  biburl = {http://www.bibsonomy.org/bibtex/2a384bf22d20ddc2109a885587ddebada/dblp},
  booktitle = {ICCPOL},
  date = {2009-03-29},
  description = {dblp},
  editor = {Li, Wenjie and Aliod, Diego Mollá},
  ee = {http://dx.doi.org/10.1007/978-3-642-00831-3_18},
  interhash = {e8457ef0e7335cce958d0916ad0ae030},
  intrahash = {a384bf22d20ddc2109a885587ddebada},
  isbn = {978-3-642-00830-6},
  keywords = {dblp},
  pages = {189-200},
  publisher = {Springer},
  series = {Lecture Notes in Computer Science},
  timestamp = {2009-03-31T11:33:24.000+0200},
  title = {Learning Similarity Functions in Graph-Based Document Summarization.},
  url = {http://dblp.uni-trier.de/db/conf/iccpol/iccpol2009.html#OuyangLWL09},
  volume = 5459,
  year = 2009
}

@article{kleinberg,
 author = {Kleinberg, Jon M.},
 title = {Authoritative Sources in a Hyperlinked Environment},
 journal = {J. ACM},
 issue_date = {Sept. 1999},
 volume = {46},
 number = {5},
 month = sep,
 year = {1999},
 issn = {0004-5411},
 pages = {604--632},
 numpages = {29},
 url = {http://doi.acm.org/10.1145/324133.324140},
 doi = {10.1145/324133.324140},
 acmid = {324140},
 publisher = {ACM},
 address = {New York, NY, USA},
 keywords = {World Wide Web, graph algorithms, hypertext structure, link analysis},
} 
